<record><leader>00000cas a22000007a 4500</leader><controlfield tag="001">20821381</controlfield><controlfield tag="008">891227d18561859mouwr ne      0    0eng d</controlfield><datafield ind1=" " ind2=" " tag="010"><subfield code="a">sn 89067570 </subfield></datafield><datafield ind1=" " ind2=" " tag="040"><subfield code="a">MQN</subfield><subfield code="b">eng</subfield><subfield code="c">MQN</subfield><subfield code="d">OCLCQ</subfield></datafield><datafield ind1=" " ind2=" " tag="042"><subfield code="a">msc</subfield></datafield><datafield ind1="0" ind2="0" tag="245"><subfield code="a">Palmyra weekly whig.</subfield></datafield><datafield ind1=" " ind2=" " tag="260"><subfield code="a">Palmyra, Mo. :</subfield><subfield code="b">J. Sosey,</subfield><subfield code="c">1856-1859.</subfield></datafield><datafield ind1=" " ind2=" " tag="300"><subfield code="a">v.</subfield></datafield><datafield ind1=" " ind2=" " tag="310"><subfield code="a">Weekly</subfield></datafield><datafield ind1="0" ind2=" " tag="362"><subfield code="a">Vol. 17, no. 43 (May 1, 1856)-v. 20, no. 39 (Mar. 31, 1859).</subfield></datafield><datafield ind1=" " ind2=" " tag="752"><subfield code="a">United States</subfield><subfield code="b">Missouri</subfield><subfield code="c">Marion</subfield><subfield code="d">Palmyra.</subfield></datafield><datafield ind1="0" ind2="0" tag="780"><subfield code="t">Missouri whig</subfield><subfield code="w">(DLC)sn 88086128</subfield></datafield><datafield ind1="0" ind2="0" tag="785"><subfield code="t">Palmyra courier (Palmyra, Mo.)</subfield><subfield code="w">(DLC)sn 87073056</subfield></datafield></record>